<record><leader>00000cas a22000007a 4500</leader><controlfield tag="001">15683095</controlfield><controlfield tag="008">870513d18901912njuwr ne      0    0eng d</controlfield><datafield ind1=" " ind2=" " tag="010"><subfield code="a">sn 87068035 </subfield></datafield><datafield ind1=" " ind2=" " tag="040"><subfield code="a">NJW</subfield><subfield code="b">eng</subfield><subfield code="c">NJW</subfield><subfield code="d">NYS</subfield><subfield code="d">OCLCQ</subfield></datafield><datafield ind1=" " ind2=" " tag="042"><subfield code="a">msc</subfield></datafield><datafield ind1="0" ind2=" " tag="130"><subfield code="a">Bergen County Democrat (Hackensack, N.J. : 1890)</subfield></datafield><datafield ind1="1" ind2="0" tag="245"><subfield code="a">Bergen County Democrat.</subfield></datafield><datafield ind1=" " ind2=" " tag="260"><subfield code="a">Hackensack, Bergen Co., N.J. :</subfield><subfield code="b">H.D. Winton</subfield></datafield><datafield ind1=" " ind2=" " tag="300"><subfield code="a">v.</subfield></datafield><datafield ind1=" " ind2=" " tag="310"><subfield code="a">Weekly</subfield></datafield><datafield ind1="1" ind2=" " tag="362"><subfield code="a">Began with Mar. 7, 1890 issue; ceased in Apr. 1912.</subfield></datafield><datafield ind1=" " ind2=" " tag="580"><subfield code="a">Daily eds.: Daily times (Hackensack, N.J.), Sept. 18-Nov. 5, 1905; Bergen news, Feb. 6-Apr. 30, 1912.</subfield></datafield><datafield ind1=" " ind2=" " tag="588"><subfield code="a">Description based on: Vol. 31, no. 45 (Nov. 7, 1890) = whole no. 1548.</subfield></datafield><datafield ind1=" " ind2=" " tag="752"><subfield code="a">United States</subfield><subfield code="b">New Jersey</subfield><subfield code="c">Bergen</subfield><subfield code="d">Hackensack.</subfield></datafield><datafield ind1="1" ind2=" " tag="775"><subfield code="t">Daily times (Hackensack, N.J.)</subfield></datafield><datafield ind1="1" ind2=" " tag="775"><subfield code="t">Bergen news</subfield></datafield><datafield ind1="0" ind2="0" tag="780"><subfield code="t">Bergen County Democrat, and New Jersey State register</subfield><subfield code="w">(DLC)sn 83032335</subfield><subfield code="w">(OCoLC)10256035</subfield></datafield></record>